@Book{knuth:84,
  author = 	 {Donald E. Knuth},
  title = 	 {The {\TeX} Book},
  publisher = 	 {Addison-Wesley},
  year = 	 {1984},
  edition = 	 {15th}
}

@InCollection{boulic:91,
  author = 	 {R. Boulic and O. Renault},
  title = 	 {3D Hierarchies for Animation},
  booktitle = 	 {New Trends in Animation and Visualization},
  publisher =    {John Wiley {\&} Sons ltd.},
  year = 	 {1991},
  editor = 	 {Nadia Magnenat-Thalmann and Daniel Thalmann}
}

@InCollection{smith:99,
  author = 	 {A. Smith and B. Jones},
  title = 	 {On the Complexity of Computing},
  booktitle = 	 {Advances in Computer Science},
  pages = 	 {555--566},
  publisher =    {Publishing Press},
  year = 	 {1999},
  editor = 	 {A. B. Smith-Jones}
}

@Article{fernanda:2016,
    author =    {Couto, F. V. D.},
    title =     {Complexidade dos Problemas Sanduíche e Probe para Subclasses de Grafos-(K,L)},
    year =      {2016}
}

@Article{fernandasbpo:2012,
    author =    {Couto, F. V. D. and Faria, L. and Klein, S.},
    title =     {A Complexidade do problema sanduíche para grafos fortemente cordais(2,1)},
    year =      {2012}
}

@Article{fernandamsc:2012,
    author =    {Couto, F. V. D.},
    title =     {Problemas sanduíche para grafos-(2,1) com condições de contorno},
    year =      {2012}
}

@Article{gusmaosa:2003,
    author =    {Vinícius Gusmão Pereira de Sá},
    title =     {O problema-sanduíche para conjuntos homogêneos em grafos},
    year =      {2003}
}

@Article{golumbic:95,
    author =    {M. Golumbic and G. Kaplan and R. Shamir},
    title =     {Graph sandwich problems},
    year =      {1995},
    pages =     {449-473}
}

@Article{brand:96,
    author =    {Brandstädt, A.},
    title =     {Partitions of graphs into one or two independent sets and cliques},
    year =      {1996},
    pages =     {47-54}
}

@book{brand:2005,
    author = {Brandstädt, A.},
    title = {Corrigendum},
    book = {Discrete Mathematics},
    pages = {186-295},
    year = {2005}
}

@article{brand:98,
    author = {Brandstädt, A. and Szymczak, V. B. Le.},
    title = {The complexity of some problems related to graph 3-colorability. Discrete Applied Mathematics},
    pages = {89(1-3):59-73},
    book = {Discrete Applied Mathematics},
    year = {1998}
}

@book{JaymeGrafosNovo,
  author = {Szwarcfiter, J. L.},
  title = {Teoria Computacional de Grafos: os Algoritmos},
  editor = {LTC},
  address = {Rio de Janeiro},
  year = {2018},
}

@article{sulamita2007,
    author = {Figueiredo, C. and Faria, L. and Klein, S.},
    title = {On the complexity of the sandwich problems for strongly chordal graphs and chordal bipartite graphs},
    year = {2007},
    pages = {57, 67},
    editor = {Theoretical Computer Science}
}

@article {sulamita2009,
    author = { Klein, S. and Mello, C. P. and Morgana, A. and Dantas, S.},
    title = { The Graph Sandwich Problem for P4-sparse graphs },
    year = { 2009 },
    pages = { 3664–3673 },
    editor = { Elsevier },
    book = { Discrete Mathematics }
}